@inproceedings{capsule,
  title={Dynamic Routing Between Capsules},
  author={Sabour, Sara and Frosst, Nicholas and Hinton, Geoffrey E},
  booktitle={Advances in Neural Information Processing Systems},
  pages={3857--3867},
  year={2017}
}

@inproceedings{donahue2015long,
  title={Long-term recurrent convolutional networks for visual recognition and description},
  author={Donahue, Jeffrey and Anne Hendricks, Lisa and Guadarrama, Sergio and Rohrbach, Marcus and Venugopalan, Subhashini and Saenko, Kate and Darrell, Trevor},
  booktitle={Proceedings of the IEEE conference on computer vision and pattern recognition},
  pages={2625--2634},
  year={2015}
}

@article{SDT,
  title={Distilling a Neural Network Into a Soft Decision Tree},
  author={Frosst, Nicholas and Hinton, Geoffrey},
  journal={arXiv preprint arXiv:1711.09784},
  year={2017}
}

@article{hibon1997arma,
  title={ARMA models and the Box--Jenkins methodology},
  author={Hibon, Michael and Makridakis, Spyros},
  year={1997},
  publisher={John Wiley \& Sons, Ltd.}
}

@article{gehring2017convolutional,
  title={Convolutional Sequence to Sequence Learning},
  author={Gehring, Jonas and Auli, Michael and Grangier, David and Yarats, Denis and Dauphin, Yann N},
  journal={arXiv preprint arXiv:1705.03122},
  year={2017}
}

@article{qin2017dual,
  title={A Dual-Stage Attention-Based Recurrent Neural Network for Time Series Prediction},
  author={Qin, Yao and Song, Dongjin and Cheng, Haifeng and Cheng, Wei and Jiang, Guofei and Cottrell, Garrison},
  journal={arXiv preprint arXiv:1704.02971},
  year={2017}
}

@inproceedings{johnson2016composing,
  title={Composing graphical models with neural networks for structured representations and fast inference},
  author={Johnson, Matthew and Duvenaud, David K and Wiltschko, Alex and Adams, Ryan P and Datta, Sandeep R},
  booktitle={Advances in neural information processing systems},
  pages={2946--2954},
  year={2016}
}

@inproceedings{hsu2017unsupervised,
  title={Unsupervised Learning of Disentangled and Interpretable Representations from Sequential Data},
  author={Hsu, Wei-Ning and Zhang, Yu and Glass, James},
  booktitle={Advances in neural information processing systems},
  pages={1876--1887},
  year={2017}
}

@inproceedings{narayanaswamy2017learning,
  title={Learning Disentangled Representations with Semi-Supervised Deep Generative Models},
  author={Narayanaswamy, Siddharth and Paige, T Brooks and van de Meent, Jan-Willem and Desmaison, Alban and Wood, Frank and Goodman, Noah and Kohli, Pushmeet and Torr, Philip},
  booktitle={Advances in Neural Information Processing Systems},
  pages={5921--5931},
  year={2017}
}
@book{brockwell2013time,
  title={Time series: theory and methods},
  author={Brockwell, Peter J and Davis, Richard A},
  year={2013},
  publisher={Springer Science \& Business Media}
}
@book{koller2009probabilistic,
  title={Probabilistic graphical models: principles and techniques},
  author={Koller, Daphne and Friedman, Nir},
  year={2009},
  publisher={MIT press}
}
@book{murphy2012machine,
  title={Machine learning: a probabilistic perspective},
  author={Murphy, Kevin P},
  year={2012},
  publisher={MIT press}
}
@inproceedings{frigola2014variational,
  title={Variational Gaussian process state-space models},
  author={Frigola, Roger and Chen, Yutian and Rasmussen, Carl Edward},
  booktitle={Advances in neural information processing systems},
  pages={3680--3688},
  year={2014}
}
@article{eddy1996hidden,
  title={Hidden markov models},
  author={Eddy, Sean R},
  journal={Current opinion in structural biology},
  volume={6},
  number={3},
  pages={361--365},
  year={1996},
  publisher={Elsevier}
}
@article{bar1993estimation,
  title={Estimation and tracking- Principles, techniques, and software},
  author={Bar-Shalom, Yaakov and Li, Xiao-Rong},
  journal={Norwood, MA: Artech House, Inc, 1993.},
  year={1993}
}
@book{goodfellow2016deep,
  title={Deep learning},
  author={Goodfellow, Ian and Bengio, Yoshua and Courville, Aaron},
  year={2016},
  publisher={MIT press}
}
@inproceedings{sutskever2014sequence,
  title={Sequence to sequence learning with neural networks},
  author={Sutskever, Ilya and Vinyals, Oriol and Le, Quoc V},
  booktitle={Advances in neural information processing systems},
  pages={3104--3112},
  year={2014}
}
@article{attention,
  title={Neural machine translation by jointly learning to align and translate},
  author={Bahdanau, Dzmitry and Cho, Kyunghyun and Bengio, Yoshua},
  journal={arXiv preprint arXiv:1409.0473},
  year={2014}
}
@inproceedings{ribeiro2016should,
  title={Why should i trust you?: Explaining the predictions of any classifier},
  author={Ribeiro, Marco Tulio and Singh, Sameer and Guestrin, Carlos},
  booktitle={Proceedings of the 22nd ACM SIGKDD International Conference on Knowledge Discovery and Data Mining},
  pages={1135--1144},
  year={2016},
  organization={ACM}
}
@inproceedings{goodfellow2014generative,
  title={Generative adversarial nets},
  author={Goodfellow, Ian and Pouget-Abadie, Jean and Mirza, Mehdi and Xu, Bing and Warde-Farley, David and Ozair, Sherjil and Courville, Aaron and Bengio, Yoshua},
  booktitle={Advances in neural information processing systems},
  pages={2672--2680},
  year={2014}
}
@article{hinton2015distilling,
  title={Distilling the knowledge in a neural network},
  author={Hinton, Geoffrey and Vinyals, Oriol and Dean, Jeff},
  journal={arXiv preprint arXiv:1503.02531},
  year={2015}
}
@article{vaswani2017attention,
  title={Attention Is All You Need},
  author={Vaswani, Ashish and Shazeer, Noam and Parmar, Niki and Uszkoreit, Jakob and Jones, Llion and Gomez, Aidan N and Kaiser, Lukasz and Polosukhin, Illia},
  journal={arXiv preprint arXiv:1706.03762},
  year={2017}
}

@inproceedings{Hinton:1981:SRP:1623264.1623370,
 author = {Hinton, Geoffrey F.},
 title = {Shape Representation in Parallel Systems},
 booktitle = {Proceedings of the 7th International Joint Conference on Artificial Intelligence - Volume 2},
 series = {IJCAI'81},
 year = {1981},
 location = {Vancouver, BC, Canada},
 pages = {1088--1096},
 numpages = {9},
 url = {http://dl.acm.org/citation.cfm?id=1623264.1623370},
 acmid = {1623370},
 publisher = {Morgan Kaufmann Publishers Inc.},
 address = {San Francisco, CA, USA},
} 

@article{hinton2018matrix,
  title={Matrix capsules with EM routing},
  author={Hinton, Geoffrey and Frosst, Nicholas and Sabour, Sara},
  year={2018}
}

@inproceedings{hinton2011transforming,
  title={Transforming auto-encoders},
  author={Hinton, Geoffrey E and Krizhevsky, Alex and Wang, Sida D},
  booktitle={International Conference on Artificial Neural Networks},
  pages={44--51},
  year={2011},
  organization={Springer}
}

@inproceedings{zemel1990traffic,
  title={TRAFFIC: Recognizing objects using hierarchical reference frame transformations},
  author={Zemel, Richard S and Mozer, Michael C and Hinton, Geoffrey E},
  booktitle={Advances in neural information processing systems},
  pages={266--273},
  year={1990}
}

